@online{VectoringWords-video,
  author = "Computerphile",
  title = "Vectoring Words (Word Embeddings)",
  year = "2019",
  url = "https://www.youtube.com/watch?v=gQddtTdmG_8",
  note = "Accessed: 13/02/2024"
}

@online{VectoringWords-blog,
  author = "Prabhu Raghav",
  title = "Understanding nlp word-embeddings text vectorization",
  year = "2019",
  url = "https://towardsdatascience.com/understanding-nlp-word-embeddings-text-vectorization-1a23744f7223",
  note = "Accessed: 13/02/2024"
}

@online{TF-IDF-blog,
  author = "Turing",
  title = "Understanding nlp word-embeddings text vectorization",
  year = "0",
  url = "https://www.turing.com/kb/guide-on-word-embeddings-in-nlp",
  note = "Accessed: 14/02/2024"
}

@online{Word2Vec,
    author = "Chris McCormick",
    title = "word2vec tutorial-the skip gram model",
    year = "2016",
    url = "https://mccormickml.com/2016/04/19/word2vec-tutorial-the-skip-gram-model/",
    note = "Accessed: 16/02/2024"
}

@InProceedings{paws2019naacl,
  title = {{PAWS: Paraphrase Adversaries from Word Scrambling}},
  author = {Zhang, Yuan and Baldridge, Jason and He, Luheng},
  booktitle = {Proc. of NAACL},
  year = {2019},
  note = "Accessed: 17/02/2024"
}